<?xml version="1.0" encoding="UTF-8"?><collection xmlns="http://www.loc.gov/MARC21/slim"><record><leader>00364nam--2200121-i-4500</leader><controlfield tag="001">000007001</controlfield><controlfield tag="002">20161230</controlfield><controlfield tag="005">20161230201027</controlfield><controlfield tag="008">060222s1000------------r-----000-0-eng-d</controlfield><datafield ind1=" " ind2=" " tag="100"><subfield code="a">Dema, J., Zaitseva, N.G</subfield></datafield><datafield ind1=" " ind2=" " tag="245"><subfield code="a">The chemical states of radioiodine formed by 66o mev proton irradiation of caesium chloride crystals</subfield></datafield><datafield ind1=" " ind2=" " tag="260"><subfield code="a">Dubna, J.I.N.R., 1964</subfield></datafield><datafield ind1=" " ind2=" " tag="490"><subfield code="a">17p</subfield></datafield></record></collection>